@book{sparsity,
  author    = {Jaroslav Ne\v{s}et\v{r}il and
               Patrice {Ossona de Mendez}},
  title     = {Sparsity --- {G}raphs, {S}tructures, and {A}lgorithms},
  series    = {Algorithms and combinatorics},
  volume    = {28},
  publisher = {Springer},
  year      = {2012}
}